<?xml version="1.0" encoding="UTF-8"?><record xmlns="http://www.loc.gov/MARC21/slim" xmlns:cinclude="http://apache.org/cocoon/include/1.0" xmlns:zs="http://www.loc.gov/zing/srw/">
  <leader>00365nz  a2200121n  4500</leader>
  <controlfield tag="001">n 2009032692</controlfield>
  <controlfield tag="003">DLC</controlfield>
  <controlfield tag="005">20090528075233.0</controlfield>
  <controlfield tag="008">090527n| acannaabn           n aaa      </controlfield>
  <datafield tag="010" ind1=" " ind2=" ">
    <subfield code="a">n 2009032692</subfield>
  </datafield>
  <datafield tag="040" ind1=" " ind2=" ">
    <subfield code="a">DLC</subfield>
    <subfield code="b">eng</subfield>
    <subfield code="c">DLC</subfield>
  </datafield>
  <datafield tag="100" ind1="1" ind2=" ">
    <subfield code="a">Moreno, Esther</subfield>
  </datafield>
  <datafield tag="670" ind1=" " ind2=" ">
    <subfield code="a">Vranckx, Bridget. 200 outstanding house ideas, 2008:</subfield>
    <subfield code="b">t.p. (Esther Moreno) p. 4 of cover (degree in Fine Art)</subfield>
  </datafield>
</record>